<record><leader>00000cas a2200000 a 4500</leader><controlfield tag="001">11239484</controlfield><controlfield tag="008">841008d18781880ksuwr ne      0   a0eng d</controlfield><controlfield tag="009">3789</controlfield><datafield ind1=" " ind2=" " tag="010"><subfield code="a">sn 84029831 </subfield></datafield><datafield ind1=" " ind2=" " tag="040"><subfield code="a">KSH</subfield><subfield code="b">eng</subfield><subfield code="c">KSH</subfield><subfield code="d">NPT</subfield><subfield code="d">OCL</subfield></datafield><datafield ind1=" " ind2=" " tag="042"><subfield code="a">msc</subfield></datafield><datafield ind1="0" ind2="0" tag="245"><subfield code="a">Speareville [i.e. Spearville] news.</subfield></datafield><datafield ind1=" " ind2=" " tag="260"><subfield code="a">Speareville [Spearville], Kan. :</subfield><subfield code="b">J.J. Burns,</subfield><subfield code="c">1878-</subfield></datafield><datafield ind1=" " ind2=" " tag="300"><subfield code="a">v. :</subfield><subfield code="b">ill. (chiefly advertisements) ;</subfield><subfield code="c">53 cm.</subfield></datafield><datafield ind1=" " ind2=" " tag="310"><subfield code="a">Weekly</subfield></datafield><datafield ind1="0" ind2=" " tag="362"><subfield code="a">Vol. 1, no. 14 (Aug. 24, 1878)-</subfield></datafield><datafield ind1="1" ind2=" " tag="362"><subfield code="a">Ceased in 1880?</subfield></datafield><datafield ind1=" " ind2=" " tag="500"><subfield code="a">Published by: Burns &amp; Myton, Sept. 7, 1878-Oct. 18, 1879; R.B. Fry, Oct. 25, 1879- .</subfield></datafield><datafield ind1=" " ind2=" " tag="752"><subfield code="a">United States</subfield><subfield code="b">Kansas</subfield><subfield code="c">Ford</subfield><subfield code="d">Spearville.</subfield></datafield><datafield ind1="0" ind2="0" tag="780"><subfield code="t">Spearville enterprise</subfield><subfield code="w">(DLC)sn 84029832</subfield></datafield></record>